<record><leader>00000cas a22000007a 4500</leader><controlfield tag="001">23442901</controlfield><controlfield tag="008">910409c19uu9999couwr ne      0   a0eng c</controlfield><datafield ind1=" " ind2=" " tag="010"><subfield code="a">sn 91052484 </subfield></datafield><datafield ind1=" " ind2=" " tag="040"><subfield code="a">CNQ</subfield><subfield code="b">eng</subfield><subfield code="c">CNQ</subfield><subfield code="d">NSD</subfield><subfield code="d">OCLCQ</subfield></datafield><datafield ind1=" " ind2=" " tag="012"><subfield code="m">1</subfield></datafield><datafield ind1="0" ind2=" " tag="022"><subfield code="a">1939-7860</subfield><subfield code="l">1939-7860</subfield><subfield code="2">1</subfield></datafield><datafield ind1=" " ind2=" " tag="032"><subfield code="a">886240</subfield><subfield code="b">USPS</subfield></datafield><datafield ind1=" " ind2=" " tag="042"><subfield code="a">nsdp</subfield><subfield code="a">pcc</subfield></datafield><datafield ind1=" " ind2="0" tag="222"><subfield code="a">El Paso County advertiser &amp; news</subfield></datafield><datafield ind1="0" ind2="0" tag="245"><subfield code="a">El Paso County advertiser &amp; news.</subfield></datafield><datafield ind1="3" ind2="0" tag="246"><subfield code="a">El Paso County advertiser and news</subfield></datafield><datafield ind1=" " ind2=" " tag="260"><subfield code="a">Fountain, Colo. :</subfield><subfield code="b">Publisher-Fountain Press</subfield></datafield><datafield ind1=" " ind2=" " tag="300"><subfield code="a">v.</subfield></datafield><datafield ind1=" " ind2=" " tag="310"><subfield code="a">Weekly</subfield></datafield><datafield ind1=" " ind2=" " tag="530"><subfield code="a">Available on microfilm from the Colorado Historical Society.</subfield></datafield><datafield ind1=" " ind2=" " tag="588"><subfield code="a">Description based on: Feb. 27, 1985.</subfield></datafield><datafield ind1=" " ind2=" " tag="588"><subfield code="a">Latest issue consulted: Iss. 28 (July 11, 2007); tile from caption.</subfield></datafield><datafield ind1=" " ind2=" " tag="752"><subfield code="a">United States</subfield><subfield code="b">Colorado</subfield><subfield code="c">El Paso</subfield><subfield code="d">Fountain.</subfield></datafield><datafield ind1="0" ind2="0" tag="780"><subfield code="t">Advertiser-news</subfield></datafield><datafield ind1="0" ind2="0" tag="780"><subfield code="t">Security advertiser and Fountain Valley news</subfield></datafield><datafield ind1="1" ind2=" " tag="029"><subfield code="a">AU@</subfield><subfield code="b">000025866361</subfield></datafield></record>